<record><leader>00000cas a22000007a 4500</leader><controlfield tag="001">26577542</controlfield><controlfield tag="008">920911d18881uuucaudn ne      0    0eng d</controlfield><datafield ind1=" " ind2=" " tag="010"><subfield code="a">sn 92068839 </subfield></datafield><datafield ind1=" " ind2=" " tag="040"><subfield code="a">CUY</subfield><subfield code="b">eng</subfield><subfield code="c">CNK</subfield><subfield code="d">OCLCQ</subfield></datafield><datafield ind1=" " ind2=" " tag="042"><subfield code="a">msc</subfield></datafield><datafield ind1="0" ind2=" " tag="130"><subfield code="a">Evening item (Martinez, Calif.)</subfield></datafield><datafield ind1="1" ind2="4" tag="245"><subfield code="a">The evening item.</subfield></datafield><datafield ind1=" " ind2=" " tag="260"><subfield code="a">Martinez, Cal. :</subfield><subfield code="b">Argus Publication Co.</subfield></datafield><datafield ind1=" " ind2=" " tag="300"><subfield code="a">v.</subfield></datafield><datafield ind1=" " ind2=" " tag="310"><subfield code="a">Daily (except Sun.)</subfield></datafield><datafield ind1="1" ind2=" " tag="362"><subfield code="a">Began in 1888.</subfield></datafield><datafield ind1=" " ind2=" " tag="588"><subfield code="a">Description based on: Vol. 6, no. 33 (Aug. 2, 1888).</subfield></datafield><datafield ind1=" " ind2="4" tag="651"><subfield code="a">Contra Costa County (Calif.)</subfield><subfield code="v">Newspapers.</subfield></datafield><datafield ind1=" " ind2=" " tag="752"><subfield code="a">United States</subfield><subfield code="b">California</subfield><subfield code="c">Contra Costa</subfield><subfield code="d">Martinez.</subfield></datafield><datafield ind1="0" ind2="0" tag="780"><subfield code="t">Martinez daily item</subfield><subfield code="w">(DLC)sn 92068840</subfield></datafield><datafield ind1="1" ind2=" " tag="029"><subfield code="a">AU@</subfield><subfield code="b">000020707275</subfield></datafield></record>